@book{phillips-2021,
	author = {Phillips, R.L.},
	edition = {2},
	publisher = {Stanford Business Books},
	title = {{Pricing and Revenue Optimization: Second Edition}},
	year = {2021},
}

@book{phillips-2018,
	author = {Phillips, R.L.},
	edition = {1},
	publisher = {Stanford Business Books},
	title = {{Pricing Credit Products}},
	year = {2018},
}

@article{richards-1959,
    author = {RICHARDS, F. J.},
    title = "{A Flexible Growth Function for Empirical Use}",
    journal = {Journal of Experimental Botany},
    volume = {10},
    number = {2},
    pages = {290-301},
    year = {1959},
    month = {06},
    abstract = "{The application of an extended form of von Bertalanffy's growth function to plant data is considered; the equation has considerable flexibility, but is used only to supply an empirical fit. In order to aid the biological analysis of such growth data as are capable of representation by the function, general rate parameters are deduced which are related in a simple manner to its constants.}",
    issn = {0022-0957},
    doi = {10.1093/jxb/10.2.290},
    url = {https://doi.org/10.1093/jxb/10.2.290},
    eprint = {https://academic.oup.com/jxb/article-pdf/10/2/290/1411755/10-2-290.pdf},
}

@misc{scikitlearn-2013,
      title={API design for machine learning software: experiences from the scikit-learn project}, 
      author={Lars Buitinck and Gilles Louppe and Mathieu Blondel and Fabian Pedregosa and Andreas Mueller and Olivier Grisel and Vlad Niculae and Peter Prettenhofer and Alexandre Gramfort and Jaques Grobler and Robert Layton and Jake Vanderplas and Arnaud Joly and Brian Holt and GaÃ«l Varoquaux},
      year={2013},
      eprint={1309.0238},
      archivePrefix={arXiv},
      primaryClass={cs.LG}
}

@book{geron2019,
  title={Hands-on Machine Learning with Scikit-Learn, Keras, and TensorFlow: Concepts, Tools, and Techniques to Build Intelligent Systems},
  author={G{\'e}ron, A.},
  isbn={9781492032649},
  url={https://books.google.com.pe/books?id=OCS1twEACAAJ},
  year={2019},
  publisher={O'Reilly Media, Incorporated}
}
